<record><leader>00000cas a2200000 a 4500</leader><controlfield tag="001">13379277</controlfield><controlfield tag="008">860402d19031916nbuwr ne      0   b0cze d</controlfield><datafield ind1=" " ind2=" " tag="010"><subfield code="a">sn 86063446 </subfield></datafield><datafield ind1=" " ind2=" " tag="040"><subfield code="a">KSH</subfield><subfield code="b">eng</subfield><subfield code="c">KSH</subfield><subfield code="d">NPT</subfield><subfield code="d">NVG</subfield><subfield code="d">OCL</subfield><subfield code="d">OCLCQ</subfield><subfield code="d">WIH</subfield><subfield code="d">OCLCQ</subfield><subfield code="d">OCLCF</subfield><subfield code="d">DLC</subfield></datafield><datafield ind1=" " ind2=" " tag="012"><subfield code="l">a</subfield></datafield><datafield ind1="0" ind2=" " tag="022"><subfield code="a">2374-4847</subfield><subfield code="2">1</subfield></datafield><datafield ind1=" " ind2=" " tag="042"><subfield code="a">msc</subfield><subfield code="a">nsdp</subfield></datafield><datafield ind1=" " ind2=" " tag="043"><subfield code="a">n-us-nb</subfield></datafield><datafield ind1="1" ind2="0" tag="050"><subfield code="a">ISSN RECORD</subfield></datafield><datafield ind1="1" ind2="0" tag="082"><subfield code="a">070</subfield><subfield code="2">15</subfield></datafield><datafield ind1=" " ind2="0" tag="222"><subfield code="a">Osve&#780;ta Americka&#769;</subfield></datafield><datafield ind1="0" ind2="0" tag="245"><subfield code="a">Osve&#780;ta Americka&#769;.</subfield></datafield><datafield ind1=" " ind2=" " tag="260"><subfield code="a">Omaha, Neb. :</subfield><subfield code="b">Jednota C&#780;esko-Americky&#769;ch Listu&#778;,</subfield><subfield code="c">1903-1916.</subfield></datafield><datafield ind1=" " ind2=" " tag="300"><subfield code="a">v. :</subfield><subfield code="b">ill. ;</subfield><subfield code="c">43 cm.</subfield></datafield><datafield ind1=" " ind2=" " tag="310"><subfield code="a">Weekly</subfield></datafield><datafield ind1="0" ind2=" " tag="362"><subfield code="a">Roc&#780;. 11, c&#780;is. 1 (5. srp. 1903)-roc&#780;. 24, c&#780;is. 7 (30 srp. 1916).</subfield></datafield><datafield ind1=" " ind2=" " tag="515"><subfield code="a">Continues numbering of: Osve&#780;ta (Omaha, Neb.).</subfield></datafield><datafield ind1=" " ind2=" " tag="546"><subfield code="a">In Czech.</subfield></datafield><datafield ind1=" " ind2=" " tag="580"><subfield code="a">Formed by the union of: Osve&#780;ta (Omaha, Neb.), and: Kve&#780;ty Americke&#769; (Omaha, Neb. : 1900).</subfield></datafield><datafield ind1=" " ind2="0" tag="650"><subfield code="a">Czech Americans</subfield><subfield code="v">Newspapers.</subfield></datafield><datafield ind1=" " ind2="0" tag="651"><subfield code="a">Omaha (Neb.)</subfield><subfield code="v">Newspapers.</subfield></datafield><datafield ind1=" " ind2="7" tag="650"><subfield code="a">Czech Americans.</subfield><subfield code="2">fast</subfield><subfield code="0">(OCoLC)fst00886333</subfield></datafield><datafield ind1=" " ind2="7" tag="651"><subfield code="a">Nebraska</subfield><subfield code="z">Omaha.</subfield><subfield code="2">fast</subfield><subfield code="0">(OCoLC)fst01204995</subfield></datafield><datafield ind1=" " ind2="7" tag="655"><subfield code="a">Newspapers.</subfield><subfield code="2">fast</subfield><subfield code="0">(OCoLC)fst01423814</subfield></datafield><datafield ind1=" " ind2=" " tag="752"><subfield code="a">United States</subfield><subfield code="b">Nebraska</subfield><subfield code="c">Douglas</subfield><subfield code="d">Omaha.</subfield></datafield><datafield ind1="0" ind2="5" tag="780"><subfield code="t">Kansaske&#769; rozhledy</subfield><subfield code="w">(DLC)sn 84029749</subfield></datafield><datafield ind1="1" ind2="4" tag="780"><subfield code="t">Osve&#780;ta (Omaha, Neb.)</subfield></datafield><datafield ind1="1" ind2="4" tag="780"><subfield code="t">Kve&#780;ty Americke&#769; (Omaha, Neb. : 1900)</subfield></datafield><datafield ind1="0" ind2="0" tag="785"><subfield code="t">Kve&#780;ty Americke&#769; (Omaha, Neb. : 1916)</subfield><subfield code="x">2374-5207</subfield><subfield code="w">(DLC)  2014203050</subfield><subfield code="w">(OCoLC)889328923</subfield></datafield><datafield ind1="1" ind2=" " tag="029"><subfield code="a">AU@</subfield><subfield code="b">000022168272</subfield></datafield></record>